@article{Brahmi(2019),
  title = {Optimization of {{Musical Non-Symmetric}} 3-{{Strings}}},
  author = {Brahmi, Ahc{\`e}ne and Gauthier, Claude},
  year = {2019},
  month = feb,
  journal = {Romanian Journal of Acoustics and Vibration},
  volume = {16},
  number = {2},
  pages = {6},
  abstract = {We develop a mathematical method to determine the physical features of non-symmetric 3strings maximizing the degree of periodicity of their vibrations, which are generally inharmonic. The method is exemplify with two classes of 3-strings whose optimal configurations could be used to build new musical instruments.},
  langid = {english},
  file = {/Users/sabagoodarzi/Zotero/storage/Q6Y4FAND/Brahmi and Gauthier - Optimization of Musical Non-Symmetric 3-Strings.pdf}
}